@misc{lwr,
author = {Laurens, Antoine and Khoramshahi, Mahdi and Billard, Aude},
year = {2018},
month = {01},
pages = {},
title = {Adaptive Human-Robot Interaction: From Human Intention to Motion Adaptation Using Parameterized Dynamical Systems}
}

@INPROCEEDINGS{gravity1,
author={N. Ulrich and V. Kumar},
booktitle={Proceedings. 1991 IEEE International Conference on Robotics and Automation},
title={Passive mechanical gravity compensation for robot manipulators},
year={1991},
volume={},
number={},
pages={1536-1541 vol.2},
keywords={compensation;gravity;mechanical variables control;robots;passive mechanical gravity compensation;robot;manipulators;link motion;strain energy storage;spring;efficiency;accuracy;robustness;dynamic loading;Gravity;Robots;Manipulators;Cables;Pulleys;Potential energy;Capacitive sensors;Energy storage;Springs;Acceleration},
doi={10.1109/ROBOT.1991.131834},
ISSN={},
month={April},}




@misc{barrett,
  title = {{Barrett Hand}},
  howpublished = "\url{https://robots.ros.org/barrett-hand/}",
  note = "[Dostęp: 21 stycznia 2019 r.]"
}

@misc{velma,
  title = {{Documentation of control system of WUT Velma Robot}},
  howpublished = "\url{https://rcprg-ros-pkg.github.io/velma_docs/}",
  note = "[Dostęp: 21 stycznia 2019 r.]"
}


@misc{impedance,
  title = {{On the Passivity Based Impedance Control of Flexible Joint Robots}},
  author = {Christian Ott, Alin Albu-Schaffer, Andreas Kugi, Gerd Hirzinger},
  howpublished = "\url{https://ieeexplore.ieee.org/document/4451347}",
  note = "[Dostęp: 21 stycznia 2019 r.]"
}


@misc{gravity2,
  title = {{PD control with on-line gravity compensation for robots with elastic joints: Theory and experiments}},
  author = {Alessandro De Luca, BrunoSiciliano, Loredana Zollo},
  howpublished = "\url{https://www.sciencedirect.com/science/article/pii/S000510980500186X?via%3Dihub}",
  note = "[Dostęp: 21 stycznia 2019 r.]"
}
